#============================================================================================================================
# VPH
#============================================================================================================================
@ARTICLE{Hess10,
   author = {{He{\ss}}, S. and {Springel}, V.},
    title = "{Particle hydrodynamics with tessellation techniques}",
  journal = {\mnras},
archivePrefix = "arXiv",
   eprint = {0912.0629},
 primaryClass = "astro-ph.CO",
 keywords = {hydrodynamics, methods: numerical},
     year = 2010,
    month = aug,
   volume = 406,
    pages = {2289-2311},
      doi = {10.1111/j.1365-2966.2010.16892.x},
   adsurl = {http://adsabs.harvard.edu/abs/2010MNRAS.406.2289H},
  adsnote = {Provided by the SAO/NASA Astrophysics Data System}
}

@ARTICLE{Hess12,
   author = {{He{\ss}}, S. and {Springel}, V.},
    title = "{Gas stripping and mixing in galaxy clusters: a numerical comparison study}",
  journal = {\mnras},
archivePrefix = "arXiv",
   eprint = {1208.0351},
 primaryClass = "astro-ph.CO",
 keywords = {hydrodynamics, methods: numerical, galaxies: clusters: intracluster medium, galaxies: evolution},
     year = 2012,
    month = nov,
   volume = 426,
    pages = {3112-3134},
      doi = {10.1111/j.1365-2966.2012.21819.x},
   adsurl = {http://adsabs.harvard.edu/abs/2012MNRAS.426.3112H},
  adsnote = {Provided by the SAO/NASA Astrophysics Data System}
}


@ARTICLE{Schaap00,
   author = {{Schaap}, W.~E. and {van de Weygaert}, R.},
    title = "{Continuous fields and discrete samples: reconstruction through Delaunay tessellations}",
  journal = {\aap},
   eprint = {astro-ph/0011007},
 keywords = {METHODS: N-BODY SIMULATIONS, METHODS: NUMERICAL, METHODS: STATISTICAL, COSMOLOGY: LARGE-SCALE STRUCTURE OF UNIVERSE},
     year = 2000,
    month = nov,
   volume = 363,
    pages = {L29-L32},
   adsurl = {http://adsabs.harvard.edu/abs/2000A%26A...363L..29S},
  adsnote = {Provided by the SAO/NASA Astrophysics Data System}
}

@ARTICLE{Pelupessy03,
   author = {{Pelupessy}, F.~I. and {Schaap}, W.~E. and {van de Weygaert}, R.
	},
    title = "{Density estimators in particle hydrodynamics. DTFE versus regular SPH}",
  journal = {\aap},
   eprint = {astro-ph/0303071},
 keywords = {hydrodynamics, methods: N-body simulations, methods: numerical},
     year = 2003,
    month = may,
   volume = 403,
    pages = {389-398},
      doi = {10.1051/0004-6361:20030314},
   adsurl = {http://adsabs.harvard.edu/abs/2003A%26A...403..389P},
  adsnote = {Provided by the SAO/NASA Astrophysics Data System}
}

@ARTICLE{Serrano01,
   author = {{Serrano}, M. and {Espa{\~n}ol}, P.},
    title = "{Thermodynamically consistent mesoscopic fluid particle model}",
  journal = {Physical Review Letters},
 keywords = {Fluctuation phenomena random processes noise and Brownian motion, Computational methods in continuum mechanics},
     year = 2001,
    month = oct,
   volume = 64,
   number = 4,
    pages = {046115},
      doi = {10.1103/PhysRevE.64.046115},
   adsurl = {http://adsabs.harvard.edu/abs/2001PhRvE..64d6115S},
  adsnote = {Provided by the SAO/NASA Astrophysics Data System}
}


#============================================================================================================================
# SPH
#============================================================================================================================

@ARTICLE{Lucy77,
   author = {{Lucy}, L.~B.},
    title = "{A numerical approach to the testing of the fission hypothesis}",
  journal = {\aj},
 keywords = {Binary Stars, Hypotheses, Nuclear Fission, Numerical Analysis, Protostars, Stellar Evolution, Astronomical Models, Difference Equations, Gas Dynamics, Monte Carlo Method, Numerical Stability, Particle Motion, Stellar Rotation},
     year = 1977,
    month = dec,
   volume = 82,
    pages = {1013-1024},
      doi = {10.1086/112164},
   adsurl = {http://adsabs.harvard.edu/abs/1977AJ.....82.1013L},
  adsnote = {Provided by the SAO/NASA Astrophysics Data System}
}

@ARTICLE{Gingold77,
   author = {{Gingold}, R.~A. and {Monaghan}, J.~J.},
    title = "{Smoothed particle hydrodynamics - Theory and application to non-spherical stars}",
  journal = {\mnras},
 keywords = {Hydrodynamics, Particle Theory, Stellar Models, Astrophysics, Stellar Rotation, Stellar Structure},
     year = 1977,
    month = nov,
   volume = 181,
    pages = {375-389},
   adsurl = {http://adsabs.harvard.edu/abs/1977MNRAS.181..375G},
  adsnote = {Provided by the SAO/NASA Astrophysics Data System}
}

@ARTICLE{Gingold82,
   author = {{Gingold}, R.~A. and {Monaghan}, J.~J.},
    title = "{Kernel estimates as a basis for general particle methods in hydrodynamics}",
  journal = {Journal of Computational Physics},
 keywords = {Astrophysics, Fluid Mechanics, Hydrodynamics, Kernel Functions, Density Distribution, Gravitational Collapse, Integral Equations, Isothermal Processes, Molecular Clouds, Shock Wave Propagation},
     year = 1982,
    month = jun,
   volume = 46,
    pages = {429-453},
      doi = {10.1016/0021-9991(82)90025-0},
   adsurl = {http://adsabs.harvard.edu/abs/1982JCoPh..46..429G},
  adsnote = {Provided by the SAO/NASA Astrophysics Data System}
}

@ARTICLE{Monaghan83,
   author = {{Monaghan}, J.~J. and {Gingold}, R.~A.},
    title = "{Shock Simulation by the Particle Method SPH}",
  journal = {Journal of Computational Physics},
     year = 1983,
    month = nov,
   volume = 52,
    pages = {374-389},
      doi = {10.1016/0021-9991(83)90036-0},
   adsurl = {http://adsabs.harvard.edu/abs/1983JCoPh..52..374M},
  adsnote = {Provided by the SAO/NASA Astrophysics Data System}
}

@ARTICLE{Monaghan92,
   author = {{Monaghan}, J.~J.},
    title = "{Smoothed particle hydrodynamics}",
  journal = {\araa},
 keywords = {Computational Fluid Dynamics, Finite Difference Theory, Hydrodynamics, Kernel Functions, Particle Energy, Particle Mass, Angular Momentum, Partial Differential Equations, Particle In Cell Technique, Pressure Gradients},
     year = 1992,
   volume = 30,
    pages = {543-574},
      doi = {10.1146/annurev.aa.30.090192.002551},
   adsurl = {http://adsabs.harvard.edu/abs/1992ARA%26A..30..543M},
  adsnote = {Provided by the SAO/NASA Astrophysics Data System}
}

@ARTICLE{Springel11,
   author = {{Springel}, V.},
    title = "{Smoothed Particle Hydrodynamics in Astrophysics}",
  journal = {\araa},
archivePrefix = "arXiv",
   eprint = {1109.2219},
 primaryClass = "astro-ph.CO",
     year = 2010,
    month = sep,
   volume = 48,
    pages = {391-430},
      doi = {10.1146/annurev-astro-081309-130914},
   adsurl = {http://adsabs.harvard.edu/abs/2010ARA%26A..48..391S},
  adsnote = {Provided by the SAO/NASA Astrophysics Data System}
}

@ARTICLE{Eckart60,
   author = {{Eckart}, C.},
    title = "{-}",
  journal = {Physics of Fluids},
     year = 1960,
   volume = 3,
    pages = {421-427},
}

@ARTICLE{barnes1986,
  author =		 "Barnes, J. and Hut, P.",
  title =		 "A hierarchical $O(N \log N)$ Force-Calculation Algorithm",
  journal = 	 "Nature",
  year = 		 1986,
  volume =		 "324",
  pages = 		 "446--449",
  number = 		 "",
  publisher = 	 {}}


#============================================================================================================================
# AMR
#============================================================================================================================

@ARTICLE{Berger89,
   author = {{Berger}, M.~J. and {Colella}, P.},
    title = "{Local adaptive mesh refinement for shock hydrodynamics}",
  journal = {Journal of Computational Physics},
 keywords = {Conservation Laws, Grid Generation (Mathematics), Hydrodynamics, Shock Waves, Algorithms, Boundary Integral Method, Discontinuity, Error Analysis, Euler Equations Of Motion, Numerical Analysis},
     year = 1989,
    month = may,
   volume = 82,
    pages = {64-84},
      doi = {10.1016/0021-9991(89)90035-1},
   adsurl = {http://adsabs.harvard.edu/abs/1989JCoPh..82...64B},
  adsnote = {Provided by the SAO/NASA Astrophysics Data System}
}

#============================================================================================================================
# AREPO
#============================================================================================================================

@ARTICLE{Springel10,
   author = {{Springel}, V.},
    title = "{E pur si muove: Galilean-invariant cosmological hydrodynamical simulations on a moving mesh}",
  journal = {\mnras},
archivePrefix = "arXiv",
   eprint = {0901.4107},
 primaryClass = "astro-ph.CO",
 keywords = {methods: numerical, galaxies: interactions, cosmology: dark matter},
     year = 2010,
    month = jan,
   volume = 401,
    pages = {791-851},
      doi = {10.1111/j.1365-2966.2009.15715.x},
   adsurl = {http://adsabs.harvard.edu/abs/2010MNRAS.401..791S},
  adsnote = {Provided by the SAO/NASA Astrophysics Data System}
}

#============================================================================================================================
# GADGET
#============================================================================================================================

@ARTICLE{Springel05,
   author = {{Springel}, V.},
    title = "{The cosmological simulation code GADGET-2}",
  journal = {\mnras},
   eprint = {astro-ph/0505010},
 keywords = {methods: numerical, galaxies: interactions, dark matter},
     year = 2005,
    month = dec,
   volume = 364,
    pages = {1105-1134},
      doi = {10.1111/j.1365-2966.2005.09655.x},
   adsurl = {http://adsabs.harvard.edu/abs/2005MNRAS.364.1105S},
  adsnote = {Provided by the SAO/NASA Astrophysics Data System}
}

#============================================================================================================================
# RAMSES
#============================================================================================================================

@ARTICLE{Teyssier02,
   author = {{Teyssier}, R.},
    title = "{Cosmological hydrodynamics with adaptive mesh refinement. A new high resolution code called RAMSES}",
  journal = {\aap},
   eprint = {astro-ph/0111367},
 keywords = {GRAVITATION, HYDRODYNAMICS, METHODS: NUMERICAL, COSMOLOGY: THEORY, COSMOLOGY: LARGE-SCALE STRUCTURE OF UNIVERSE},
     year = 2002,
    month = apr,
   volume = 385,
    pages = {337-364},
      doi = {10.1051/0004-6361:20011817},
   adsurl = {http://adsabs.harvard.edu/abs/2002A%26A...385..337T},
  adsnote = {Provided by the SAO/NASA Astrophysics Data System}
}

#============================================================================================================================
# PLANCK DATA RELEASE 2013
#============================================================================================================================

@ARTICLE{Planck13XVI,
   author = {{Planck Collaboration}},
    title = "{Planck intermediate results. XVI. Profile likelihoods for cosmological parameters}",
  journal = {ArXiv e-prints},
archivePrefix = "arXiv",
   eprint = {1311.1657},
 keywords = {Astrophysics - Cosmology and Nongalactic Astrophysics},
     year = 2013,
    month = nov,
   adsurl = {http://adsabs.harvard.edu/abs/2013arXiv1311.1657P},
  adsnote = {Provided by the SAO/NASA Astrophysics Data System}
}

#============================================================================================================================
# ANGULAR MOMENTUM ACQUISICION
#============================================================================================================================

@ARTICLE{Dubois14,
   author = {{Dubois}, Y. and et al.
	},
    title = "{Dancing in the dark: galactic properties trace spin swings along the cosmic web}",
  journal = {ArXiv e-prints},
archivePrefix = "arXiv",
   eprint = {1402.1165},
 keywords = {Astrophysics - Cosmology and Nongalactic Astrophysics},
     year = 2014,
    month = feb,
   adsurl = {http://adsabs.harvard.edu/abs/2014arXiv1402.1165D},
  adsnote = {Provided by the SAO/NASA Astrophysics Data System}
}

#============================================================================================================================
# SPIN ORIENTATION
#============================================================================================================================

@ARTICLE{Hahn10,
   author = {{Hahn}, O. and {Teyssier}, R. and {Carollo}, C.~M.},
    title = "{The large-scale orientations of disc galaxies}",
  journal = {\mnras},
archivePrefix = "arXiv",
   eprint = {1002.1964},
 primaryClass = "astro-ph.CO",
 keywords = {methods: numerical, galaxies: evolution, galaxies: formation, cosmology: theory, large-scale structure of Universe},
     year = 2010,
    month = jun,
   volume = 405,
    pages = {274-290},
      doi = {10.1111/j.1365-2966.2010.16494.x},
   adsurl = {http://adsabs.harvard.edu/abs/2010MNRAS.405..274H},
  adsnote = {Provided by the SAO/NASA Astrophysics Data System}
}

#============================================================================================================================
# FILAMENTARY ACRETION
#============================================================================================================================

@ARTICLE{Dekel09,
   author = {{Dekel}, A. and {Birnboim}, Y. and {Engel}, G. and {Freundlich}, J. and 
	{Goerdt}, T. and {Mumcuoglu}, M. and {Neistein}, E. and {Pichon}, C. and 
	{Teyssier}, R. and {Zinger}, E.},
    title = "{Cold streams in early massive hot haloes as the main mode of galaxy formation}",
  journal = {\nat},
archivePrefix = "arXiv",
   eprint = {0808.0553},
     year = 2009,
    month = jan,
   volume = 457,
    pages = {451-454},
      doi = {10.1038/nature07648},
   adsurl = {http://adsabs.harvard.edu/abs/2009Natur.457..451D},
  adsnote = {Provided by the SAO/NASA Astrophysics Data System}
}

#============================================================================================================================
# THEORETICAL FRAMEWORK
#============================================================================================================================

@BOOK{longair2008,
   author =      "Longair, M.S.",
   title =       "Galaxy Formation",
   publisher =   "Springer",
   year =        2008,
   address =     "New York",
   edition =     "Second",
   isbn =        "978-3-540-73477-2"}
   
@BOOK{padmanabhan1995,
   author =      "Padmanabhan, T.",
   title =       "Structure Formation in the Universe",
   publisher =   "Cambridge University Press",
   year =        1995,
   address =     "Great Britain",
   edition =     "First",
   isbn =        "0-521-42486-0"}
   
@ARTICLE{Zeldovich70,
   author = {{Zel'dovich}, Y.~B.},
    title = "{Gravitational instability: An approximate theory for large density perturbations.}",
  journal = {\aap},
     year = 1970,
    month = mar,
   volume = 5,
    pages = {84-89},
   adsurl = {http://adsabs.harvard.edu/abs/1970A%26A.....5...84Z},
  adsnote = {Provided by the SAO/NASA Astrophysics Data System}
}

#============================================================================================================================
# COMPARISON PROJECTS
#============================================================================================================================


@ARTICLE{Frenk99,
   author = {{Frenk}, C.~S. and {White}, S.~D.~M. and et al.},
    title = "{The Santa Barbara Cluster Comparison Project: A Comparison of Cosmological Hydrodynamics Solutions}",
  journal = {\apj},
   eprint = {astro-ph/9906160},
 keywords = {COSMOLOGY: THEORY, COSMOLOGY: DARK MATTER, GALAXIES: CLUSTERS: GENERAL, COSMOLOGY: LARGE-SCALE STRUCTURE OF UNIVERSE, X-RAYS: GALAXIES, Cosmology: Theory, Cosmology: Dark Matter, Galaxies: Clusters: General, Cosmology: Large-Scale Structure of Universe, X-Rays: Galaxies},
     year = 1999,
    month = nov,
   volume = 525,
    pages = {554-582},
      doi = {10.1086/307908},
   adsurl = {http://adsabs.harvard.edu/abs/1999ApJ...525..554F},
  adsnote = {Provided by the SAO/NASA Astrophysics Data System}
}

@ARTICLE{Kim14,
   author = {{Kim}, J.-h. and {Abel}, T. and et al. and {AGORA Collaboration29},t.
	},
    title = "{The AGORA High-resolution Galaxy Simulations Comparison Project}",
  journal = {\apjs},
archivePrefix = "arXiv",
   eprint = {1308.2669},
 primaryClass = "astro-ph.GA",
 keywords = {cosmology: theory, dark matter, galaxies: formation, galaxies: evolution, hydrodynamics, methods: numerical},
     year = 2014,
    month = jan,
   volume = 210,
      eid = {14},
    pages = {14},
      doi = {10.1088/0067-0049/210/1/14},
   adsurl = {http://adsabs.harvard.edu/abs/2014ApJS..210...14K},
  adsnote = {Provided by the SAO/NASA Astrophysics Data System}
}

@ARTICLE{Scannapieco12,
   author = {{Scannapieco}, C. and {Wadepuhl}, M. and et al.},
    title = "{The Aquila comparison project: the effects of feedback and numerical methods on simulations of galaxy formation}",
  journal = {\mnras},
archivePrefix = "arXiv",
   eprint = {1112.0315},
 primaryClass = "astro-ph.GA",
 keywords = {methods: numerical, galaxies: evolution, galaxies: formation, cosmology: theory},
     year = 2012,
    month = jun,
   volume = 423,
    pages = {1726-1749},
      doi = {10.1111/j.1365-2966.2012.20993.x},
   adsurl = {http://adsabs.harvard.edu/abs/2012MNRAS.423.1726S},
  adsnote = {Provided by the SAO/NASA Astrophysics Data System}
}
